@phdthesis{almaless2014conception,
        title={Conception et r{\'e}alisation d'un syst{\`e}me d'exploitation pour des processeurs many-cores},
        author={Almaless, Ghassan},
        year={2014},
        school={Universit{\'e} Pierre et Marie Curie-Paris VI}
}

@inproceedings{greiner2009tsar,
        title={Tsar: a scalable, shared memory, many-cores architecture with global cache coherence},
        author={Greiner, Alain},
        booktitle={9th International Forum on Embedded MPSoC and Multicore (MPSoC'09)},
        volume={15},
        year={2009}
}

@article{barham2003xen,
        title={Xen and the art of virtualization},
        author={Barham, Paul and Dragovic, Boris and Fraser, Keir and Hand, Steven and Harris, Tim and Ho, Alex and Neugebauer, Rolf and Pratt, Ian and Warfield, Andrew},
        journal={ACM SIGOPS Operating Systems Review},
        volume={37},
        number={5},
        pages={164--177},
        year={2003},
        publisher={ACM}
}

@inproceedings{dall2014kvm,
        title={Kvm/arm: The design and implementation of the linux arm hypervisor},
        author={Dall, Christoffer and Nieh, Jason},
        booktitle={Proceedings of the 19th international conference on Architectural support for programming languages and operating systems},
        pages={333--348},
        year={2014},
        organization={ACM}
}

@inproceedings{kivity2007kvm,
        title={kvm: the Linux virtual machine monitor},
        author={Kivity, Avi and Kamay, Yaniv and Laor, Dor and Lublin, Uri and Liguori, Anthony},
        booktitle={Proceedings of the Linux Symposium},
        volume={1},
        pages={225--230},
        year={2007}
}
